@misc{chaosTesting,
   title = "Chaos Testing a Distributed System with Jepsen",
   author = "Serdar Benderli",
   howpublished={\url{"https://medium.com/appian-engineering/chaos-testing-a-distributed-system-with-jepsen-2ae4a8bdf4e5"}}
}

@misc{cosmosConsistencyLevels,
   title = "Consistency levels in Azure Cosmos DB",
   howpublished={\url{"https://docs.microsoft.com/en-us/azure/cosmos-db/consistency-levels"}}
}

@misc{jepsenConsistencyModels,
   title = "Consistency Models",
   howpublished={\url{"https://jepsen.io/consistency"}}
}

@misc{etcdAnalyses,
   title = "etcd 3.4.3",
   author = "Kyle Kingsbury",
   howpublished={\url{"https://jepsen.io/analyses/etcd-3.4.3"}}
}

@misc{etcdTutorial,
   title = "Jepsen Tutorial",
   howpublished={\url{"https://github.com/jepsen-io/jepsen/tree/main/doc/tutorial"}}
}